@inproceedings{Ester1996ADA,
  title={A Density-Based Algorithm for Discovering Clusters in Large Spatial Databases with Noise},
  author={Martin Ester and Hans-Peter Kriegel and J{\"o}rg Sander and Xiaowei Xu},
  booktitle={Knowledge Discovery and Data Mining},
  year={1996},
  url={https://api.semanticscholar.org/CorpusID:355163}
}
